 @article{mcgee_homburger_williams_bergstrom_zhou_2021, title={Model-driven mitigation measures for reopening schools during the COVID-19 pandemic}, volume={118}, DOI={https://doi.org/10.1073/pnas.2108909118}, journal={Proceedings of the National Academy of Sciences}, author={McGee, Ryan S. and Homburger, Julian R. and Williams, Hannah E. and Bergstrom, Carl T. and Zhou, Alicia Y.}, year={2021}, month={Jul}} 
 @article{mcgee_homburger_williams_bergstrom_zhou_2021_2, title={Proactive covid-19 testing in a partially vaccinated population}, DOI={10.1101/2021.08.15.21262095}, author={McGee, Ryan S. and Homburger, Julian R. and Williams, Hannah E. and Bergstrom, Carl T. and Zhou, Alicia Y.}, year={2021}, month={Aug}} 
 @misc{van_de_mortel_2022, title={Closed centres, anxious parents and infected kids: What's the plan for Childcare during Omicron?}, url={https://www.abc.net.au/news/2022-02-05/staff-children-preschool-childcare-protected-covid-national-plan/100805610}, journal={Staff and children in preschool and childcare aren't being protected like in schools. We need a national plan - ABC News}, publisher={ABC News}, author={van de Mortel, Thea}, year={2022}, month={Feb}}
 @article{liu_rocklov_2022, title={The effective reproductive number of the omicron variant of SARS-COV-2 is several times relative to Delta}, volume={29}, DOI={10.1093/jtm/taac037}, number={3}, journal={Journal of Travel Medicine}, author={Liu, Ying and Rocklöv, Joacim}, year={2022}} 
 @article{karaivanov_2020, title={A social network model of COVID-19}, volume={15}, DOI={10.1371/journal.pone.0240878}, number={10}, journal={PLOS ONE}, author={Karaivanov, Alexander}, year={2020}} 
 @misc{mcgee_2021, title={seirplus}, url={https://github.com/ryansmcgee/seirsplus}, journal={Github}, author={Mcgee, Ryan}, year={2021}, month={Jan}} 
 @article{cooper_mondal_antonopoulos_2020, title={A SIR model assumption for the spread of COVID-19 in different communities}, volume={139}, DOI={10.1016/j.chaos.2020.110057}, journal={Chaos, Solitons and Fractals}, author={Cooper, Ian and Mondal, Argha and Antonopoulos, Chris G.}, year={2020}, pages={110057}} 
 @article{pacheco_santos_souza_2014, title={Evolutionary Dynamics of collective action in n-person stag hunt dilemmas}, DOI={10.1093/acprof:oso/9780199652822.003.0007}, journal={Social Dynamics}, author={Pacheco, Jorge M. and Santos, Francisco C. and Souza, Max O.}, year={2014}, pages={110–127}} 